<?xml version="1.0" encoding="UTF-8"?><record xmlns="http://www.loc.gov/MARC21/slim" xmlns:cinclude="http://apache.org/cocoon/include/1.0" xmlns:zs="http://www.loc.gov/zing/srw/">
  <leader>00418cz  a2200133n  4500</leader>
  <controlfield tag="001">n  98051688 </controlfield>
  <controlfield tag="003">DLC</controlfield>
  <controlfield tag="005">20030318164952.0</controlfield>
  <controlfield tag="008">980605n| acannaab           |n aaa      </controlfield>
  <datafield tag="010" ind1=" " ind2=" ">
    <subfield code="a">n  98051688 </subfield>
  </datafield>
  <datafield tag="040" ind1=" " ind2=" ">
    <subfield code="a">DLC</subfield>
    <subfield code="c">DLC</subfield>
    <subfield code="d">DLC</subfield>
  </datafield>
  <datafield tag="100" ind1="1" ind2="0">
    <subfield code="a">Holtz, Shel</subfield>
  </datafield>
  <datafield tag="670" ind1=" " ind2=" ">
    <subfield code="a">Public relations on the Net, 1998:</subfield>
    <subfield code="b">CIP t.p. (Shel Holtz)</subfield>
  </datafield>
  <datafield tag="670" ind1=" " ind2=" ">
    <subfield code="a">Author's Corporate conversations, 2004:</subfield>
    <subfield code="b">CIP t.p. (Shel Holtz) data sheet (b. Aug. 6, 1954)</subfield>
  </datafield>
</record>